@article{Alsp:Sore:nonl:1972,
  author = {Alspach, Daniel L. and Sorenson, Harold W.},
  title = {Nonlinear {B}ayesian estimation using {G}aussian sum approximations},
  journal = {IEEE Transactions on Automatic Control},
  year = {1972},
  volume = {AC-17},
  pages = {439--448},
  number = {4},
  notes = {Gaussian sum filter reference}
}

@book{cappe:2005:inference,
  title = {Inference in hidden Markov models},
  publisher = {Springer Science+ Business Media},
  year = {2005},
  author = {Capp{\'e}, Olivier and Moulines, Eric and Ryd{\'e}n, Tobias}
}

@article{chib:greenberg:1994:arma,
    AUTHOR = {Chib, Siddhartha and Greenberg, Edward},
    TITLE  = {Bayes inference in regression models with ARMA(p,q) errors},
    JOURNAL = {Journal of Econometrics},
    YEAR = {1994},
    VOLUME = 64,
    PAGES = {183--206}
}

@article{hay:2001:kal,
  title = {Kalman Filtering and Neural Networks},
  author = {Haykin, Simon S.},
  publisher = {Wiley},
  year = {2001},
  location = {New York, NY}
}

@article{kal:1960:ekf,
  title={A new approach to linear filtering and prediction problems},
  author={Kalman, R.E.},
  journal={Transactions of the ASME, Ser. D, Journal of Basic Engineering},
  volume={82},
  pages={35--45},
  year={1960}
}

@book{petris:camp:2009:dynamic,
  title = {Dynamic linear models},
  publisher = {Springer},
  year = {2009},
  author = {Petris, G. and Petrone, S. and Campagnoli, P.},
  journal = {Dynamic Linear Models with R},
}

@BOOK{shum:stof:2006:timeseries,
  title={Time Series Analysis and Its Applications: With R Examples},
  author={Shumway, Robert H. and Stoffer, David S.},
  publisher={Springer Science+ Business Media},
  year = {2006},
  location = {New York, NY}
}

@BOOK{West:Harr:baye:1997,
  title = {Bayesian Forecasting and Dynamic Models},
  publisher = {Springer-Verlag Inc},
  year = {1997},
  author = {West, Mike and Harrison, Jeff},
  pages = {680},
  address = {New York},
  edition = {2nd}
}
